\begin{thebibliography}{}
\bibitem{}

\end{thebibliography}